<?xml version="1.0" encoding="UTF-8"?><collection xmlns="http://www.loc.gov/MARC21/slim"><record><leader>00626nam--2200181-i-4500</leader><controlfield tag="001">000044249</controlfield><controlfield tag="002">20161230</controlfield><controlfield tag="005">20161230201044</controlfield><controlfield tag="008">060222s1000------------r-----000-0-eng-d</controlfield><datafield ind1=" " ind2=" " tag="040"><subfield code="a">IFIN-HH</subfield></datafield><datafield ind1=" " ind2=" " tag="080"><subfield code="a">537.531</subfield></datafield><datafield ind1="1" ind2=" " tag="100"><subfield code="a">Theisen, Roger</subfield></datafield><datafield ind1="1" ind2="0" tag="245"><subfield code="a">Tabellen der massenschwachungskoeffisienter von rontgenstrahlen; tables of x-ray mass attenuation coefficients; tables des coefficients d?attenuation massique des rayons x</subfield><subfield code="c">Roger theisen, dieter vollath</subfield></datafield><datafield ind1=" " ind2=" " tag="260"><subfield code="a">Dusseldorf</subfield><subfield code="b">Verlag Stahleisen M.B.H</subfield><subfield code="c">1967</subfield></datafield><datafield ind1=" " ind2=" " tag="300"><subfield code="a">40P</subfield></datafield><datafield ind1="1" ind2=" " tag="700"><subfield code="a">Vollath, Dieter</subfield></datafield><datafield ind1=" " ind2=" " tag="852"><subfield code="a">27702</subfield><subfield code="c">537.531</subfield></datafield><datafield ind1=" " ind2=" " tag="CAT"><subfield code="a">Sys</subfield><subfield code="c">20110809</subfield><subfield code="h">154136</subfield></datafield></record></collection>